@inproceedings{klee,
  address =       {San Diego, CA},
  author =        {Cadar, Cristian and Dunbar, Daniel and
                   Engler, Dawson},
  booktitle =     {Proceedings of the 8th USENIX Symposium on Operating
                   Systems Design and Implementation (OSDI)},
  month =         dec,
  title =         {KLEE: Unassisted and Automatic Generation of
                   High-Coverage Tests for Complex Systems Programs},
  year =          {2008},
}

